@inproceedings{dosovitskiy2020vit,
  title={An Image is Worth 16x16 Words: Transformers for Image Recognition at Scale},
  author={Dosovitskiy, Alexey and Beyer, Lucas and Kolesnikov, Alexander and Weissenborn, Dirk and Zhai, Xiaohua and Unterthiner, Thomas and Dehghani, Mostafa and Minderer, Matthias and Heigold, Georg and Gelly, Sylvain and others},
  booktitle={International Conference on Learning Representations (ICLR)},
  year={2021}
}

@inproceedings{he2016resnet,
  title={Deep Residual Learning for Image Recognition},
  author={He, Kaiming and Zhang, Xiangyu and Ren, Shaoqing and Sun, Jian},
  booktitle={Proceedings of the IEEE Conference on Computer Vision and Pattern Recognition (CVPR)},
  pages={770--778},
  year={2016}
}

@inproceedings{ho2020ddpm,
  title={Denoising Diffusion Probabilistic Models},
  author={Ho, Jonathan and Jain, Ajay and Abbeel, Pieter},
  booktitle={Advances in Neural Information Processing Systems (NeurIPS)},
  volume={33},
  pages={6840--6851},
  year={2020}
}

@inproceedings{simonyan2014vgg,
  title={Very Deep Convolutional Networks for Large-Scale Image Recognition},
  author={Simonyan, Karen and Zisserman, Andrew},
  booktitle={International Conference on Learning Representations (ICLR)},
  year={2015}
}

@inproceedings{song2021ddim,
  title={Denoising Diffusion Implicit Models},
  author={Song, Jiaming and Meng, Chenlin and Ermon, Stefano},
  booktitle={International Conference on Learning Representations (ICLR)},
  year={2021}
}

@inproceedings{vaswani2017attention,
  title={Attention is All You Need},
  author={Vaswani, Ashish and Shazeer, Noam and Parmar, Niki and Uszkoreit, Jakob and Jones, Llion and Gomez, Aidan N and Kaiser, {\L}ukasz and Polosukhin, Illia},
  booktitle={Advances in Neural Information Processing Systems (NeurIPS)},
  volume={30},
  year={2017}
}

@article{raissi2019physics,
  title={Physics-informed neural networks: A deep learning framework for solving forward and inverse problems involving nonlinear partial differential equations},
  author={Raissi, Maziar and Perdikaris, Paris and Karniadakis, George E},
  journal={Journal of Computational Physics},
  volume={378},
  pages={686--707},
  year={2019},
  publisher={Elsevier}
}

@inproceedings{chung2023dps,
  title={Diffusion Posterior Sampling for General Noisy Inverse Problems},
  author={Chung, Hyungjin and Kim, Jeongsol and Mccann, Michael T and Klasky, Marc L and Ye, Jong Chul},
  booktitle={International Conference on Learning Representations (ICLR)},
  year={2023}
}

@inproceedings{goujon2023bregman,
  title={Convergent Bregman Plug-and-Play Image Restoration for Poisson Inverse Problems},
  author={Goujon, Axel and Neumayer, Sebastian and Bohra, Pakshal and Ducotterd, Sebastian and Unser, Michael},
  booktitle={Advances in Neural Information Processing Systems (NeurIPS)},
  volume={36},
  year={2023}
}

@inproceedings{shariatian2025dlpm,
  title={Denoising L\'{e}vy Probabilistic Models},
  author={Shariatian, Soheil and Xu, Cheng and Tahmasebi, Amir},
  booktitle={International Conference on Learning Representations (ICLR)},
  year={2025}
}

@article{ta2022poisson2sparse,
  title={Poisson2Sparse: Self-Supervised Poisson Denoising From a Single Image},
  author={Ta, Vinh-Anh and Elmoataz, Abderrahim and L\'{e}zoray, Olivier},
  journal={arXiv preprint arXiv:2206.01856},
  year={2022}
}

@inproceedings{xu2022poisson,
  title={Poisson Flow Generative Models},
  author={Xu, Yilun and Liu, Ziming and Tegmark, Max and Jaakkola, Tommi},
  booktitle={Advances in Neural Information Processing Systems (NeurIPS)},
  volume={35},
  pages={16782--16795},
  year={2022}
}

@inproceedings{zhu2023diffpir,
  title={Denoising Diffusion Models for Plug-and-Play Image Restoration},
  author={Zhu, Yuanzhi and Zhang, Kai and Liang, Jingyun and Cao, Jiezhang and Wen, Bihan and Timofte, Radu and Van Gool, Luc},
  booktitle={Proceedings of the IEEE/CVF Conference on Computer Vision and Pattern Recognition Workshops},
  pages={1219--1229},
  year={2023}
}

@article{lucy1974rl,
  title={An iterative technique for the rectification of observed distributions},
  author={Lucy, Leon B},
  journal={The Astronomical Journal},
  volume={79},
  pages={745},
  year={1974}
}

@inproceedings{ronneberger2015unet,
  title={U-Net: Convolutional Networks for Biomedical Image Segmentation},
  author={Ronneberger, Olaf and Fischer, Philipp and Brox, Thomas},
  booktitle={International Conference on Medical Image Computing and Computer-Assisted Intervention (MICCAI)},
  pages={234--241},
  year={2015},
  organization={Springer}
}

@inproceedings{salimans2022progressive,
  title={Progressive Distillation for Fast Sampling of Diffusion Models},
  author={Salimans, Tim and Ho, Jonathan},
  booktitle={International Conference on Learning Representations (ICLR)},
  year={2022}
}

@article{wang2022ddnm,
  title={Denoising Diffusion Null-space Model for Inverse Problems},
  author={Wang, Yinhuai and Yang, Zhengming and Liu, Zhengxin and Simoncelli, Eero P},
  journal={arXiv preprint arXiv:2211.12571},
  year={2022}
}

@article{weigert2018care,
  title={Content-aware image restoration: pushing the limits of fluorescence microscopy},
  author={Weigert, Martin and Schmidt, Uwe and Boothe, Tobias and M{\"u}ller, Andreas and Dibrov, Alexandr and Jain, Akanksha and Wilhelm, Benjamin and Schmidt, Deborah and Broaddus, Coleman and Culley, Si√¢n and others},
  journal={Nature Methods},
  volume={15},
  number={12},
  pages={1090--1097},
  year={2018},
  publisher={Nature Publishing Group}
}

@inproceedings{zhang2018rcan,
  title={Image super-resolution using very deep residual channel attention networks},
  author={Zhang, Yulun and Li, Kunpeng and Li, Kai and Wang, Lichen and Zhong, Bineng and Fu, Yun},
  booktitle={Proceedings of the European Conference on Computer Vision (ECCV)},
  pages={286--301},
  year={2018}
}

@article{ward2023fast,
  title={Fast, multicolour optical sectioning over extended fields of view by combining interferometric SIM with machine learning},
  author={Ward, Edward N and McClelland, Rhys M and Lamb, Joran R and Rubio-S{\'a}nchez, Ricardo and Christensen, Carlas N and Mazumder, Biswajit and Kapsiani, Sofia and Mascheroni, Lorenzo and Di Michele, Lorenzo and Kaminski Schierle, Gabriele S and others},
  journal={arXiv preprint arXiv:2311.00089},
  year={2023}
}

@article{lu2025physics,
  title={Physics-driven self-supervised learning for fast high-resolution robust 3D reconstruction of light-field microscopy},
  author={Lu, Zhen and Jin, Meng and Chen, Shuai and Wang, Xiaofei and Sun, Feng and Zhang, Qionghai and Zhao, Zheng and Wu, Jiamin and Yang, Jianquan and Dai, Qionghai},
  journal={Nature Methods},
  volume={22},
  pages={1545--1555},
  year={2025},
  publisher={Nature Publishing Group}
}

@article{dpis2024,
  title={Universal and High-Fidelity Resolution Extending for Fluorescence Imaging using Deep-Physics-Informed Sparsity},
  journal={iComputing},
  year={2024},
  month={February},
  url={https://spj.science.org/doi/10.34133/icomputing.0082}
}

@article{saguy2024microtubule,
  title={This Microtubule Does Not Exist: Super-Resolution Microscopy Image Generation by a Diffusion Model},
  author={Saguy, Alon and Nahimov, Tomer and Lehrman, Mor and G{\'o}mez-de-Mariscal, Estibaliz and Hidalgo-Cenalmor, Iv{\'a}n and Alalouf, Onit and Balakrishnan, Anish and Heilemann, Mike and Henriques, Ricardo and Shechtman, Yoav},
  journal={Small Methods},
  volume={9},
  number={3},
  pages={2400672},
  year={2024}
}

@article{liu2025review,
  title={A state-of-the-art review of diffusion model applications for microscopic image and micro-alike image analysis},
  author={Liu, Yuhang and Jiang, Tao and Li, Rui and Yuan, Lin and Grzegorzek, Marcin and Li, Chunpeng and Li, Xinyu},
  journal={Frontiers in Medicine},
  volume={12},
  pages={1551894},
  year={2025}
}

@article{li2024microscopy,
  title={Microscopy image reconstruction with physics-informed denoising diffusion probabilistic model},
  author={Li, Rui and della Maggiora, Gabriele and Andriasyan, Vardan and Petkidis, Artur and Yushkevich, Anton and Deshpande, Nikita and Kudryashev, Misha and Yakimovich, Artur},
  journal={Communications Engineering},
  volume={3},
  number={1},
  pages={186},
  year={2024},
  publisher={Nature Publishing Group}
}

@article{waibel2022diffusion,
  title={A Diffusion Model Predicts 3D Shapes from 2D Microscopy Images},
  author={Waibel, Dominik JE and R{\"o}ell, Elias and Rieck, Bastian and Giryes, Raja and Marr, Carsten},
  journal={arXiv preprint arXiv:2208.14125},
  year={2022}
}

@article{augment2024ultrastruct,
  title={Diffusion-based deep learning method for augmenting ultrastructural imaging},
  journal={Nature Communications},
  year={2024},
  month={May},
  url={https://www.nature.com/articles/s41467-024-49125-z}
}

@article{pixel2025vs,
  title={Pixel super-resolved virtual staining of label-free tissue using diffusion model},
  journal={Nature Communications},
  year={2025},
  month={May},
  url={https://www.nature.com/articles/s41467-025-60387-z}
}

@inproceedings{unified2025icml,
  title={Bridging Protein Sequences and Microscopy Images with Unified Diffusion Models},
  booktitle={International Conference on Machine Learning (ICML)},
  year={2025},
  month={July},
  url={https://icml.cc/virtual/2025/poster/43909}
}
